<?xml version='1.0' encoding='utf-8'?>
<record xmlns="http://www.loc.gov/MARC21/slim" xmlns:xsi="http://www.w3.org/2001/XMLSchema-instance" xsi:schemaLocation="http://www.loc.gov/MARC21/slim http://www.loc.gov/standards/marcxml/schema/MARC21slim.xsd">
  <leader>00000npca 2200337za 4500</leader>
  <controlfield tag="005">20130606115546.0</controlfield>
  <controlfield tag="008">970606i19142003miu                 eng d</controlfield>
  <datafield tag="035" ind1=" " ind2=" ">
    <subfield code="a">(OCoLC)ocm80617795</subfield>
  </datafield>
  <datafield tag="040" ind1=" " ind2=" ">
    <subfield code="a">MiU-H</subfield>
    <subfield code="c">MiU-H</subfield>
    <subfield code="e">appm</subfield>
  </datafield>
  <datafield tag="100" ind1="1" ind2=" ">
    <subfield code="a">Roby, Douglas F.</subfield>
    <subfield code="q">(Douglas Fergusson),</subfield>
    <subfield code="d">1898-1992.</subfield>
  </datafield>
  <datafield tag="245" ind1="1" ind2="0">
    <subfield code="a">Douglas F. Roby papers,</subfield>
    <subfield code="f">1914-2003,</subfield>
    <subfield code="g">bulk 1965-1985.</subfield>
  </datafield>
  <datafield tag="300" ind1=" " ind2=" ">
    <subfield code="a">8.3 linear feet in 9 boxes (including outsize), and 1 outsize folder.</subfield>
  </datafield>
  <datafield tag="545" ind1="0" ind2=" ">
    <subfield code="a">Douglas Fergusson Roby was a University of Michigan graduate (Class 1923). He was member of the International Olympic Committee from 1952-1985 and president of the United States Olympic Committee from 1965 to 1969.</subfield>
    <subfield code="b">He was elected president of the Amateur Athletic Union of the United States in 1951. Roby made several attempts to bring the Olympic games to Detroit from 1944 to the 1972 Olympiads.</subfield>
  </datafield>
  <datafield tag="520" ind1="2" ind2=" ">
    <subfield code="a">The collection includes materials related to Roby's professional activities and interests and contains personal files, national and international Olympic and athletic organizations’ files and photographs, as well as Roby’s personal files and photographs. The collection is divided into three series: Personal/Biographical, The Olympic Games, and Photographs and Photo Albums.</subfield>
  </datafield>
  <datafield tag="520" ind1="2" ind2=" ">
    <subfield code="a">The Personal/Biographical series contains material concerning Roby’s early life and business activities, as well as speeches, writings, and a scrapbook. Found here is material related to his years at the University of Michigan and Phillips University in Enid, Oklahoma. Also included here is material related to Roby's business activities, his involvement with Detroit civic organizations, newspaper articles related to him, and a scrapbook.</subfield>
  </datafield>
  <datafield tag="520" ind1="2" ind2=" ">
    <subfield code="a">The Olympic Games series is the largest series in the collection and encompasses Roby’s activities in various national and international sports associations, including the Amateur Athletic Association, the U.S. Olympic Committee, and the International Olympic Committee. This series also includes material related to individual Olympic Games and Pan American Games, Olympic bids --specifically, Detroit and Los Angeles--and various issues that arose in preparation to and during Olympiads.</subfield>
  </datafield>
  <datafield tag="555" ind1="0" ind2=" ">
    <subfield code="a">Finding aid in the library.</subfield>
  </datafield>
  <datafield tag="555" ind1="0" ind2=" ">
    <subfield code="a">Finding aid available via the World Wide web at URL: http://quod.lib.umich.edu/cgi/f/findaid/findaid-idx?c=bhlead&amp;idno=umich-bhl-9768</subfield>
  </datafield>
  <datafield tag="500" ind1=" " ind2=" ">
    <subfield code="a">Donor: 8114</subfield>
  </datafield>
  <datafield tag="500" ind1=" " ind2=" ">
    <subfield code="a">Visual material cataloged separately.</subfield>
  </datafield>
  <datafield tag="600" ind1="1" ind2="0">
    <subfield code="a">Roby, Douglas F.</subfield>
    <subfield code="q">(Douglas Fergusson),</subfield>
    <subfield code="d">1898-1992.</subfield>
  </datafield>
  <datafield tag="650" ind1=" " ind2="0">
    <subfield code="a">Olympics.</subfield>
  </datafield>
  <datafield tag="650" ind1=" " ind2="0">
    <subfield code="a">Sports.</subfield>
  </datafield>
  <datafield tag="650" ind1=" " ind2="0">
    <subfield code="a">Sports officials</subfield>
    <subfield code="z">United States.</subfield>
  </datafield>
  <datafield tag="610" ind1="2" ind2="0">
    <subfield code="a">United States Olympic Committee.</subfield>
  </datafield>
  <datafield tag="610" ind1="2" ind2="0">
    <subfield code="a">International Olympic Committee.</subfield>
  </datafield>
  <datafield tag="610" ind1="2" ind2="0">
    <subfield code="a">Amateur Athletic Union of the United States.</subfield>
  </datafield>
  <datafield tag="655" ind1=" " ind2="7">
    <subfield code="a">Scrapbooks.</subfield>
    <subfield code="2">aat</subfield>
  </datafield>
  <datafield tag="856" ind1="4" ind2="2">
    <subfield code="3">Finding aid:</subfield>
    <subfield code="u">http://quod.lib.umich.edu/cgi/f/findaid/findaid-idx?c=bhlead&amp;idno=umich-bhl-9768</subfield>
  </datafield>
  <datafield tag="852" ind1=" " ind2=" ">
    <subfield code="b">Bentley Historical Library,</subfield>
    <subfield code="a">University of Michigan,</subfield>
    <subfield code="e">Ann Arbor, Michigan 48109-2113</subfield>
  </datafield>
  <datafield tag="997" ind1=" " ind2=" ">
    <subfield code="a">MARS</subfield>
  </datafield>
  <datafield tag="998" ind1=" " ind2=" ">
    <subfield code="c">EJH</subfield>
  </datafield>
</record>
